
@article{upc_check,
year={2012},
issn={1865-2034},
journal={Computer Science - Research and Development},
doi={10.1007/s00450-012-0214-4},
title={UPC-CHECK: a scalable tool for detecting run-time errors in Unified Parallel C},
url={http://dx.doi.org/10.1007/s00450-012-0214-4},
publisher={Springer-Verlag},
author={Coyle, James and Roy, Indranil and Kraeva, Marina and Luecke, GlennR.},
pages={1-7},
language={English}
}


@inproceedings{Luecke:2009:EED:1809961.1809971,
 author = {Luecke, Glenn R. and Coyle, James and Hoekstra, James and Kraeva, Marina and Xu, Ying and Kleiman, Elizabeth and Weiss, Olga},
 title = {Evaluating error detection capabilities of UPC run-time systems},
 booktitle = {Proceedings of the Third Conference on Partitioned Global Address Space Programing Models},
 series = {PGAS '09},
 year = {2009},
 isbn = {978-1-60558-836-0},
 location = {Ashburn, Virginia},
 pages = {7:1--7:4},
 articleno = {7},
 numpages = {4},
 url = {http://doi.acm.org/10.1145/1809961.1809971},
 doi = {10.1145/1809961.1809971},
 acmid = {1809971},
 publisher = {ACM},
 address = {New York, NY, USA},
} 


@proceedings{siegel:2007:tutorial,
	title = {Verifying Parallel Programs with {MPI-Spin}},
    author = {Stephen F. Siegel},
	journal = {Recent Advances in Parallel Virtual Machine and Message Passing Interface, 14th European PVM/MPI User{\textquoteright}s Group Meeting},
	volume = {4757},
	year = {2007},
	pages = {13{\textendash}14},
	publisher = {Springer},
	address = {Paris, France},
	url = {http://vsl.cis.udel.edu/downloads/mpispintut_pvmmpi_2007.pdf},
	editor = {Franck Cappello and Thomas H{\'e}rault and Jack Dongarra}
}


@proceedings{ebnenasir:2011:pgas,
	title = {UPC-SPIN: A Framework for the Model Checking of UPC Programs},
	year = {2011},
	pages = {10},
	address = {Galveston Island, Texas},
	author = {Ali Ebnenasir},
}



@proceedings{siegel-rossi:2008:eccsvm_pvmmpi,
	title = {Analyzing {BlobFlow}: A Case Study Using Model Checking to Verify Parallel Scientific Software},
	journal = {Recent Advances in {P}arallel {V}irtual {M}achine and {M}essage {P}assing {I}nterface, 15th {E}uropean {PVM/MPI} User{\textquoteright}s Group Meeting, Proceedings},
	volume = {5205},
	year = {2008},
	pages = {274{\textendash}282},
	publisher = {Springer},
	url = {http://vsl.cis.udel.edu/downloads/blobflow_pvmmpi_2008.pdf},
	author = {Stephen F. Siegel and Louis F. Rossi},
	editor = {Alexey Lastovetsky and Tahar Kechadi and Jack Dongarra}
}



@inproceedings{Siegel:2011:AFV:1941553.1941603,
 author = {Siegel, Stephen F. and Zirkel, Timothy K.},
 title = {Automatic formal verification of MPI-based parallel programs},
 booktitle = {Proceedings of the 16th ACM symposium on Principles and practice of parallel programming},
 series = {PPoPP '11},
 year = {2011},
 isbn = {978-1-4503-0119-0},
 location = {San Antonio, TX, USA},
 pages = {309--310},
 numpages = {2},
 url = {http://doi.acm.org/10.1145/1941553.1941603},
 doi = {10.1145/1941553.1941603},
 acmid = {1941603},
 publisher = {ACM},
 address = {New York, NY, USA},
} 


@inproceedings{Vakkalanka:2008:SCB:1390841.1390844,
 author = {Vakkalanka, Sarvani and DeLisi, Michael and Gopalakrishnan, Ganesh and Kirby, Robert M.},
 title = {Scheduling considerations for building dynamic verification tools for MPI},
 booktitle = {Proceedings of the 6th workshop on Parallel and distributed systems: testing, analysis, and debugging},
 series = {PADTAD '08},
 year = {2008},
 isbn = {978-1-60558-052-4},
 location = {Seattle, Washington},
 pages = {3:1--3:6},
 articleno = {3},
 numpages = {6},
 url = {http://doi.acm.org/10.1145/1390841.1390844},
 doi = {10.1145/1390841.1390844},
 acmid = {1390844},
 publisher = {ACM},
 address = {New York, NY, USA},
} 


@inproceedings{Danalis:2009:MCO:1542275.1542321,
 author = {Danalis, Anthony and Pollock, Lori and Swany, Martin and Cavazos, John},
 title = {MPI-aware compiler optimizations for improving communication-computation overlap},
 booktitle = {Proceedings of the 23rd international conference on Supercomputing},
 series = {ICS '09},
 year = {2009},
 isbn = {978-1-60558-498-0},
 location = {Yorktown Heights, NY, USA},
 pages = {316--325},
 numpages = {10},
 url = {http://doi.acm.org/10.1145/1542275.1542321},
 doi = {10.1145/1542275.1542321},
 acmid = {1542321},
 publisher = {ACM},
 address = {New York, NY, USA},
} 


@article{springerlink:10.1007/s10766-009-0099-4,
   author = {Hilbrich, Tobias and Müller, Matthias and Krammer, Bettina},
   institution = {Technische Universität Dresden Center for Information Services and High Performance Computing (ZIH) 01062 Dresden Germany},
   title = {MPI Correctness Checking for OpenMP/MPI Applications},
   journal = {International Journal of Parallel Programming},
   publisher = {Springer Netherlands},
   issn = {0885-7458},
   keyword = {Computer Science},
   pages = {277-291},
   volume = {37},
   issue = {3},
   url = {http://dx.doi.org/10.1007/s10766-009-0099-4},
   note = {10.1007/s10766-009-0099-4},
   year = {2009}
}


@article{CPE:CPE705,
author = {Luecke, Glenn and Chen, Hua and Coyle, James and Hoekstra, Jim and Kraeva, Marina and Zou, Yan},
title = {MPI-CHECK: a tool for checking Fortran 90 MPI programs},
journal = {Concurrency and Computation: Practice and Experience},
volume = {15},
number = {2},
publisher = {John Wiley & Sons, Ltd.},
issn = {1532-0634},
url = {http://dx.doi.org/10.1002/cpe.705},
doi = {10.1002/cpe.705},
pages = {93--100},
year = {2003},
}





@inproceedings{DeSouza:2005:ASD:1145319.1145342,
 author = {DeSouza, Jayant and Kuhn, Bob and de Supinski, Bronis R. and Samofalov, Victor and Zheltov, Sergey and Bratanov, Stanislav},
 title = {Automated, scalable debugging of MPI programs with Intel Message Checker},
 booktitle = {Proceedings of the second international workshop on Software engineering for high performance computing system applications},
 series = {SE-HPCS '05},
 year = {2005},
 isbn = {1-59593-117-1},
 location = {St. Louis, Missouri},
 pages = {78--82},
 numpages = {5},
 url = {http://doi.acm.org/10.1145/1145319.1145342},
 doi = {10.1145/1145319.1145342},
 acmid = {1145342},
 publisher = {ACM},
 address = {New York, NY, USA},
}

@inproceedings{ Falzone:2005:CED:2104560.2104585,
 author = {Falzone, Chris and Chan, Anthony and Lusk, Ewing and Gropp, William},
 title = {Collective error detection for MPI collective operations},
 booktitle = {Proceedings of the 12th European PVM/MPI users' group conference on Recent Advances in Parallel Virtual Machine and Message Passing Interface},
 series = {PVM/MPI'05},
 year = {2005},
 isbn = {3-540-29009-5, 978-3-540-29009-4},
 location = {Sorrento, Italy},
 pages = {138--147},
 numpages = {10},
 url = {http://dx.doi.org/10.1007/11557265_21},
 doi = {10.1007/11557265_21},
 acmid = {2104585},
 publisher = {Springer-Verlag},
 address = {Berlin, Heidelberg},
} 




@inproceedings{DBLP:conf/iccS/KrammerMR04,
  author    = {Bettina Krammer and
               Matthias S. M{\"u}ller and
               Michael M. Resch},
  title     = {MPI Application Development Using the Analysis Tool MARMOT},
  booktitle = {International Conference on Computational Science},
  year      = {2004},
  pages     = {464-471},
  ee        = {http://dx.doi.org/10.1007/978-3-540-24688-6_61},
}


@inproceedings{DBLP:conf/pvm/TraffW04,
  author    = {Jesper Larsson Tr{\"a}ff and
               Joachim Worringen},
  title     = {Verifying Collective MPI Calls},
  booktitle = {PVM/MPI},
  year      = {2004},
  pages     = {18-27},
  ee        = {http://dx.doi.org/10.1007/978-3-540-30218-6_11},
}


@book{Kennedy:2001:OCM:502981,
 author = {Kennedy, Ken and Allen, John R.},
 title = {Optimizing compilers for modern architectures: a dependence-based approach},
 year = {2002},
 isbn = {1-55860-286-0},
 publisher = {Morgan Kaufmann Publishers Inc.},
 address = {San Francisco, CA, USA},
} 


@Mastersthesis{Roy2012,
author = {Indranil Roy},
title = {UPC-CHECK: A scalable tool for detecting runtime errors in Unied Parallel C},
year = {2012},
school = {Iowa State University, Ames, Iowa},
}


@misc{Chakraborty2008,
author = {Supratik Chakraborty},
title = {A Short Introduction to Hoare Logic},
year = {2008},
institution = {Indian Institute of Technology, Mumbai},
}

@article{owicki1976verifying,
  title={Verifying properties of parallel programs: An axiomatic approach},
  author={Owicki, S. and Gries, D.},
  journal={Communications of the ACM},
  volume={19},
  number={5},
  pages={279--285},
  year={1976},
  publisher={ACM}
}



@ARTICLE{owicki1976axiomatic,
  title={An axiomatic proof technique for parallel programs},
  author={Owicki Susan and Gries David},
  journal={Acta informatica},
  volume={6},
  number={4},
  pages={319--340},
  year={1976},
  publisher={Springer Berlin/Heidelberg}
}



@ARTICLE{Hoare69anaxiomatic,
    author = {C. A. R. Hoare},
    title = {An axiomatic basis for computer programming},
    journal = {COMMUNICATIONS OF THE ACM},
    year = {1969},
    volume = {12},
    number = {10},
    pages = {576--580}
}


@MISC{Kleymann98hoarelogic,
    author = {Thomas Kleymann},
    title = {Hoare Logic and VDM: Machine-Checked Soundness and Completeness Proofs},
    year = {1998}
}


@MISC{Bornat00provingpointer,
    author = {Richard Bornat},
    title = {Proving pointer programs in Hoare Logic},
    year = {2000}
}


@INBOOK{lengauer,
  author = {Lengauer, C.},
  editor = {Padua, D.},
  title = {Encyclopedia of Parallel Computing},
  chapter = {Owicki-Gries Method of Axiomatic Verification},
  publisher = {Springer},
  year = {2011}
}

@MISC{Guyer04broadway:a,
    author = {Samuel Z. Guyer and Calvin Lin},
    title = {Broadway: A Compiler for Exploiting the Domain-Specific Semantics
of Software Libraries},
    year = {2004}
}


@INPROCEEDINGS{Demmel05selfadapting,
    author = {Jim Demmel and Jack Dongarra and Victor Eijkhout and Erika
Fuentes and Antoine Petitet and Rich Vuduc and R. Clint Whaley and Katherine
Yelick},
    title = {Self adapting linear algebra algorithms and software},
    booktitle = {Proceedings of the IEEE},
    year = {2005},
    pages = {2005}
}


@INPROCEEDINGS{Johnson78lint:a,
    author = {S. C. Johnson},
    title = {Lint, a C Program Checker},
    booktitle = {COMP. SCI. TECH. REP},
    year = {1978},
    pages = {78--1273},
}


@INPROCEEDINGS{Siegel07modelchecking,
    author = {Stephen F. Siegel},
    title = {Model checking nonblocking MPI programs},
    booktitle = {In Verification, Model Checking, and Abstract Interpretation (VMCAI},
    year = {2007},
    pages = {44--58},
    publisher = {Springer}
}


@INBOOK{padua2011encyclopedia,
  title={OpenSHMEM: Towards a Unified RMA Model},
  author={Stephen W. Poole and Anthony Curtis and Oscar Hernandez and Karl Feind and Jeffery Kuehn and Galen Shipman},
  editor={Padua, D.},
  number={v. 4},
  isbn={9780387097657},
  lccn={79026591},
  series={Encyclopedia of Parallel Computing},
  year={2011},
  publisher={Springer}
}

@MISC{OpenSHSpec,
    title={{OpenSHMEM} Specification 1.0},
    author={OpenSHMEM.org},
    year={2011},
    url={http://openshmem.org/},
}


@article{Chaki:2004:EVS:1017107.1017110,
 author = {Chaki, S. and Clarke, E. and Groce, A. and Ouaknine, J. and Strichman, O. and Yorav, K.},
 title = {Efficient Verification of Sequential and Concurrent C Programs},
 journal = {Form. Methods Syst. Des.},
 issue_date = {September-November 2004},
 volume = {25},
 number = {2-3},
 month = sep,
 year = {2004},
 issn = {0925-9856},
 pages = {129--166},
 numpages = {38},
 url = {http://dx.doi.org/10.1023/B:FORM.0000040026.56959.91},
 doi = {10.1023/B:FORM.0000040026.56959.91},
 acmid = {1017110},
 publisher = {Kluwer Academic Publishers},
 address = {Hingham, MA, USA},
} 

@INPROCEEDINGS{Ball04slamand,
    author = {Thomas Ball and Byron Cook and Vladimir Levin and Sriram K. Rajamani},
    title = {SLAM and static driver verifier: Technology transfer of formal methods inside Microsoft},
    booktitle = {In: IFM. (2004},
    year = {2004},
    pages = {1--20},
    publisher = {Springer}
}

@MISC{Henzinger02lazyabstraction,
    author = {Thomas A. Henzinger and Ranjit Jhala and Rupak Majumdar and Gregoire Sutre},
    title = {Lazy Abstraction },
    year = {2002}
}


@inproceedings{Hackett:2006:AUS:1181775.1181785,
 author = {Hackett, Brian and Aiken, Alex},
 title = {How is aliasing used in systems software?},
 booktitle = {Proceedings of the 14th ACM SIGSOFT international symposium on Foundations of software engineering},
 series = {SIGSOFT '06/FSE-14},
 year = {2006},
 isbn = {1-59593-468-5},
 location = {Portland, Oregon, USA},
 pages = {69--80},
 numpages = {12},
 url = {http://doi.acm.org/10.1145/1181775.1181785},
 doi = {10.1145/1181775.1181785},
 acmid = {1181785},
 publisher = {ACM},
 address = {New York, NY, USA},
} 



@article{Janjusic2011,
author = {Tomislav Janjusic and Krishna M. Kavi and Brandon Potter},
title = {{International Conference on Computational Science, ICCS 2011 Gleipnir: A Memory Analysis Tool}},
journal = {Procedia Computer Science},
volume = {4},
year = {2011},
pages = {2058--2067},
doi = {10.1016/j.procs.2011.04.225},
masid = {39341668}
}



@MISC{Hern_dragon:a,
    author = {Oscar Hernandez and Chunhua Liao and Barbara Chapman},
    title = {Dragon: A Static and Dynamic Tool for OpenMP},
    year = {2005}
}


@inproceedings{Holzmann:2000:LVA:645880.672083,
 author = {Holzmann, Gerard J.},
 title = {Logic Verification of ANSI-C Code with SPIN},
 booktitle = {Proceedings of the 7th International SPIN Workshop on SPIN Model Checking and Software Verification},
 year = {2000},
 isbn = {3-540-41030-9},
 pages = {131--147},
 numpages = {17},
 url = {http://dl.acm.org/citation.cfm?id=645880.672083},
 acmid = {672083},
 publisher = {Springer-Verlag},
 address = {London, UK, UK},
} 


@MISC{Lin_Breeze:2001,
 author = {Calvin Lin and Samuel Z. Guyer and Daniel Jimenez},
 school = {The University of Texas at Austin},
 year = {2001},
 month = {November},
 id = {TR-10-43},
 url = {http://www.cs.utexas.edu/~c-breeze/}
}

@ARTICLE{Whaley00automatedempirical,
    author = {Clint Whaley and Antoine Petitet and Jack J. 
Dongarra},
    title = {Automated Empirical Optimization of Software and 
the ATLAS Project},
    journal = {PARALLEL COMPUTING},
    year = {2000},
    volume = {27},
    pages = {2001}
}


@MISC{ROSE,
    url = {http://www.rosecompiler.org/},
    title = {ROSE compiler project},
    author = {Quinlan, D.J.}
}


@MISC{HongYu:2009,
    author = {Hong-Tao Yu and Wei Huo and Zhao-Qing Zhang and Xiao-Bing Feng},
    title = {Aggressive Program Analysis Framework for Static Error Checking in Open64},
    school = {Key Laboratory of Computer System and Architecture, Institute of Computing Technology, Chinese Academy of Sciences},
    conference = {Open64},
    year = {2009}
}


@MISC{annelid,
    url = {http://valgrind.org/downloads/variants.html?njn},
    title = {Variants and Patches:Bounds Checker},
    year = {2005}  
}

@misc{wiki:boundschecker,
   author = {Wikipedia},
   title = {BoundsChecker --- Wikipedia{,} The Free Encyclopedia},
   year = {2012},
   url = {http://en.wikipedia.org/w/index.php?title=BoundsChecker&oldid=504296235},
}

@MISC{Olivier_uts:an,
    author = {Stephen Olivier and Jun Huan and Jinze Liu and Jan Prins and James Dinan and Chau-wen Tseng},
    title = {UTS: An Unbalanced Tree Search Benchmark .},
}


@MISC{wiki:UTS,
    author = {Stephen Olivier and James Dinan},
    title = {The Unbalanced Tree Search Benchmark},
    url = {http://sourceforge.net/p/uts-benchmark/wiki/Home/}
}

@MISC{npb,
    author = {David Bailey and Tim Harris and William Saphir and Rob van der Wijngaart and Alex Woo and Maurice Yarrow},
    title = {The NAS Parallel Benchmarks 2.0 Technical report},
    school = {NASA Ames Research Center},
    year = {1995}
}



@inproceedings{steensgard:1996,
  author = {B. Steensgard},
  title = {{Points-to analysis in almost linear time}},
  booktitle = {ACM SIGPLAN-SIGACT Symposium on Principles of 
    Programming Languages},
  year = {1996},
  masid = {1364763}
}



@MISC{Chapman,
      author = {Barbara Chapman and Deepak Eachempati},
      title = {Experiences Developing the OpenUH Compiler and Runtime Infrastructure},
      year = {2011},
      conference = {PACT}
}




@incollection{springerlink:10.1007/978-3-642-23400-2_20,
    author = {Ravichandran, Kaushik and Lee, Sangho and Pande,Santosh},
    affiliation = {College of Computing, Georgia Institute of Technology, USA},
    title = {Work Stealing for Multi-core HPC Clusters},
    booktitle = {Euro-Par 2011 Parallel Processing},
    series = {Lecture Notes in Computer Science},
    editor = {Jeannot, Emmanuel and Namyst, Raymond and Roman, Jean},
    publisher = {Springer Berlin / Heidelberg},
    isbn = {978-3-642-23399-9},
    keyword = {Computer Science},
    pages = {205--217},
    volume = {6852},
    year = {2011}
}


@inproceedings{Krammer:2006:CCM:2091359.2091386,
   author = {Krammer, Bettina and Resch, Michael M.},
   title = {Correctness checking of MPI one-sided communication 
     using marmot},
   booktitle = {Proceedings of the 13th European PVM/MPI 
       User's Group conference on Recent advances in parallel 
         virtual machine and message passing interface},
   series = {EuroPVM/MPI'06},
   year = {2006},
   isbn = {3-540-39110-X, 978-3-540-39110-4},
   location = {Bonn, Germany},
   pages = {105--114},
   numpages = {10},
   url = {http://dx.doi.org/10.1007/11846802_21},
   doi = {10.1007/11846802_21},
   acmid = {2091386},
   publisher = {Springer-Verlag},
   address = {Berlin, Heidelberg},
} 

@INPROCEEDINGS{Krammer05runtimechecking,
      author = {B. Krammer and M. S. Müller and M. M. Resch and 
         G. R. Joubert and W. E. Nagel and F. J. Peters and O. 
         Plata and P. Tirado and E. Zapata and Bettina Krammer 
         A and Matthias S. Müller B and Michael M. Resch A},
      title = {Runtime checking of MPI applications with 
            MARMOT},
      booktitle = {In ParCo 2005, Malaga},
      year = {2005}
}


@INPROCEEDINGS{Vetter00dynamicsoftware,
      author = {Jeffrey S. Vetter and Bronis R. de Supinski},
      title = {Dynamic Software Testing of MPI Applications 
            with Umpire},
      booktitle = {Proceedings of the 2000 ACM/IEEE 
                conference on Supercomputing (CDROM},
      year = {2000}
}


@BOOK{university1987debugging,
     title={Debugging Parallel Fortran on a Shared Memory Machine},
     author={University of Illinois at Urbana-Champaign. Center 
     for Supercomputing Research and Development and Allen, T.R. 
     and Padua, D.A.},
     series={CSRD},
     year={1987},
     publisher={University of Illinois, Center for 
            Supercomputing Research and Development}
}

@article{Taylor:1983,
  author = {Taylor, Richard N.},
  title = {A general-purpose algorithm for analyzing concurrent 
  programs},
 journal = {Commun. ACM},
 issue_date = {May 1983},
 volume = {26},
 number = {5},
 month = may,
 year = {1983},
 issn = {0001-0782},
 pages = {361--376},
 numpages = {16},
 url = {http://doi.acm.org/10.1145/69586.69587},
 doi = {10.1145/69586.69587},
 acmid = {69587},
 publisher = {ACM},
 address = {New York, NY, USA},
} 


@inproceedings{Appelbe:1988:DMA:54764.54775,
   author = {Appelbe, B. and McDowell, C. E.},
   title = {Developing multitasking applications programs},
   booktitle = {Proceedings of the Twenty-First Annual Hawaii 
       International Conference on Software Track},
   year = {1988},
   isbn = {0-8186-0842-0},
   location = {Kailua-Kona, Hawaii, United States},
   pages = {94--102},
   numpages = {9},
   url = {http://dl.acm.org/citation.cfm?id=54764.54775},
   acmid = {54775},
   publisher = {IEEE Computer Society Press},
   address = {Los Alamitos, CA, USA},
} 


@MISC{Nystrom05fulcrapointer,
      author = {Erik Matthew Nystrom},
      title = {Fulcra Pointer Analysis Framework},
      year = {2005}
}

@techreport{Kamil:EECS06,
  Author = {Kamil, Amir Ashraf and Yelick, Katherine A.},
  Title = {Concurrency Analysis for Parallel Programs with Textually
    Aligned Barriers},
  Institution = {EECS Department, University of California, Berkeley},
  Year = {2006},
  Month = {April},
  URL =
  {http://www.eecs.berkeley.edu/Pubs/TechRpts/2006/EECS-2006-41.html},
  Number = {UCB/EECS-2006-41},
}

@incollection{Zhang:2007CAS,
  author = {Zhang, Yuan and Duesterwald, Evelyn and Gao, Guang R.},
  chapter = {Concurrency Analysis for Shared Memory Programs with Textually
    Unaligned Barriers},
  title = {Languages and Compilers for Parallel Computing},
  editor = {Adve, Vikram and Garzar\'{a}n, Mar\'{\i}a Jes\'{u}s and
    Petersen, Paul},
  year = {2008},
  isbn = {978-3-540-85260-5},
  pages = {95--109},
  numpages = {15},
  url = {http://dx.doi.org/10.1007/978-3-540-85261-2_7},
  doi = {10.1007/978-3-540-85261-2_7},
  acmid = {1433060},
  publisher = {Springer-Verlag},
  address = {Berlin, Heidelberg},
}

@inproceedings{Jeremiassen:1994,
  author = {Jeremiassen, Tor E. and Eggers, Susan J.},
  title = {Static Analysis of Barrier Synchronization in Explicitly Parallel
    Programs},
  booktitle = {Proceedings of the IFIP WG10.3 Working Conference on
    Parallel Architectures and Compilation Techniques},
  series = {PACT '94},
  year = {1994},
  isbn = {0-444-81926-6},
  pages = {171--180},
  numpages = {10},
  url = {http://dl.acm.org/citation.cfm?id=647042.713809},
  acmid = {713809},
  publisher = {North-Holland Publishing Co.},
  address = {Amsterdam, The Netherlands, The Netherlands},
} 


@inproceedings{Aiken:1998,
  author = {Aiken, Alexander and Gay, David},
  title = {Barrier inference},
  booktitle = {Proceedings of the 25th ACM SIGPLAN-SIGACT symposium on
    Principles of programming languages},
  series = {POPL '98},
  year = {1998},
  isbn = {0-89791-979-3},
  location = {San Diego, California, USA},
  pages = {342--354},
  numpages = {13},
  url = {http://doi.acm.org/10.1145/268946.268974},
  doi = {10.1145/268946.268974},
  acmid = {268974},
  publisher = {ACM},
  address = {New York, NY, USA},
}

@inproceedings{Auslander:1996,
  author = {Auslander, Joel and Philipose, Matthai and Chambers, Craig and
    Eggers, Susan J. and Bershad, Brian N.},
  title = {Fast, effective dynamic compilation},
  booktitle = {Proceedings of the ACM SIGPLAN 1996 conference on
    Programming language design and implementation},
  series = {PLDI '96},
  year = {1996},
  isbn = {0-89791-795-2},
  location = {Philadelphia, Pennsylvania, USA},
  pages = {149--159},
  numpages = {11},
  url = {http://doi.acm.org/10.1145/231379.231409},
  doi = {10.1145/231379.231409},
  acmid = {231409},
  publisher = {ACM},
  address = {New York, NY, USA},
}

@inproceedings{Zhang:2007BMP,
  author = {Zhang, Yuan and Duesterwald, Evelyn},
  title = {Barrier matching for programs with textually unaligned barriers},
  booktitle = {Proceedings of the 12th ACM SIGPLAN symposium on Principles
    and practice of parallel programming},
  series = {PPoPP '07},
  year = {2007},
  isbn = {978-1-59593-602-8},
  location = {San Jose, California, USA},
  pages = {194--204},
  numpages = {11},
  url = {http://doi.acm.org/10.1145/1229428.1229472},
  doi = {10.1145/1229428.1229472},
  acmid = {1229472},
  publisher = {ACM},
  address = {New York, NY, USA},
  keywords = {MPI, barrier synchronization, path expressions,
    slicing, static analysis},
}

@inproceedings{Hern_theopenshmem,
  author = {Oscar, Hernandez and Siddhartha, Jana and Pophale, Swaroop and
    Stephen, Poole and Kuehn, Jeffery and Barbara, Chapman},
  title = {{The OpenSHMEM Analyzer}},
  booktitle = {Proceedings of the Sixth Conference on Partitioned Global
    Address Space Programming Model},
  series = {PGAS '12},
  year = {2012},
  location = {Santa Barbara, California},
  } 

@inproceedings{SwaroopPGAS13,
  author = {Swaroop, Pophale and Oscar, Hernandez and Stephen, Poole and Barbara, Chapman},
  title = {Static Analyses for Unaligned Collective Synchronization Matching for {OpenSHMEM}},
  booktitle = {Proceedings of the Seventh Conference on Partitioned Global
    Address Space Programming Model},
  series = {PGAS '13},
  year = {2013},
  location = {Edinburgh, Scotland},
} 

@inproceedings{SwaroopPGAS13P,
  author = {Swaroop, Pophale and Oscar, Hernandez and Stephen, Poole and Barbara, Chapman},
  title = {Poster: Validation and Verification Suite for {OpenSHMEM}},
  booktitle = {Proceedings of the Seventh Conference on Partitioned Global
    Address Space Programming Model},
  series = {PGAS '13},
  year = {2013},
  location = {Edinburgh, Scotland},
} 

@inproceedings{Lin:2005,
  author = {Lin, Yuan},
  title = {Static nonconcurrency analysis of OpenMP programs},
  booktitle = {Proceedings of the 2005 and 2006 international conference on
    OpenMP shared memory parallel programming},
  series = {IWOMP'05/IWOMP'06},
  year = {2008},
  isbn = {3-540-68554-5, 978-3-540-68554-8},
  location = {Eugene, OR, USA},
  pages = {36--50},
  numpages = {15},
  url = {http://dl.acm.org/citation.cfm?id=1892830.1892835},
  acmid = {1892835},
  publisher = {Springer-Verlag},
  address = {Berlin, Heidelberg},
}

@INPROCEEDINGS{Luigi98titanium:a,
  author = {Kathy Yelick Luigi and Luigi Semenzato and Geoff Pike and
    Carleton Miyamoto and Ben Liblit and Arvind Krishnamurthy and Paul
      Hilfinger and Susan Graham and David Gay and Phil Colella and Alex
      Aiken},
  title = {Titanium: A High-Performance Java Dialect},
  booktitle = {In ACM},
  year = {1998},
  pages = {10--11}
}


@inproceedings{Vakilian:2011,
  author = {Vakilian, Mohsen and Negara, Stas and Tasharofi, Samira and
    Johnson, Ralph E.},
  title = {Keshmesh: a tool for detecting and fixing java concurrency bug
    patterns},
  booktitle = {Proceedings of the ACM international conference companion on
    Object oriented programming systems languages and applications
      companion},
  series = {SPLASH '11},
  year = {2011},
  isbn = {978-1-4503-0942-4},
  location = {Portland, Oregon, USA},
  pages = {39--40},
  numpages = {2},
  url = {http://doi.acm.org/10.1145/2048147.2048167},
  doi = {10.1145/2048147.2048167},
  acmid = {2048167},
  publisher = {ACM},
  address = {New York, NY, USA},
  keywords = {bug, concurrency, detector, fixer, parallelism,
    pattern, program analysis, static analysis},
} 
@book{Magee:2000,
  author = {Magee, Jeff and Kramer, Jeff},
  title = {Concurrency: state models \& Java programs},
  year = {1999},
  isbn = {0-471-98710-7},
  publisher = {John Wiley \& Sons, Inc.},
  address = {New York, NY, USA},
} 
@inproceedings{Kaiser:2007:MRC:1769168.1769183,
  author = {Kaiser, Claude and Pajault, Christophe and Pradat-Peyre,
    Jean-Fran\c{c}ois},
  title = {Modelling remote concurrency with Ada: case study of symmetric
    non-deterministic rendezvous},
  booktitle = {Proceedings of the 12th international conference on Reliable
    software technologies},
  series = {Ada-Europe'07},
  year = {2007},
  isbn = {978-3-540-73229-7},
  location = {Geneva, Switzerland},
  pages = {192--207},
  numpages = {16},
  url = {http://dl.acm.org/citation.cfm?id=1769168.1769183},
  acmid = {1769183},
  publisher = {Springer-Verlag},
  address = {Berlin, Heidelberg},
}

@book{Burns:1995:CA:211392,
  author = {Burns, Alan and Wellings, Andy},
  title = {Concurrency in Ada},
  year = {1995},
  isbn = {0-521-41471-7},
  publisher = {Cambridge University Press},
  address = {New York, NY, USA},
} 

@inproceedings{Markstrum:2009:TCR:1504176.1504226,
  author = {Markstrum, Shane A. and Fuhrer, Robert M. and Millstein, Todd
    D.},
  title = {Towards concurrency refactoring for x10},
  booktitle = {Proceedings of the 14th ACM SIGPLAN symposium on Principles
    and practice of parallel programming},
  series = {PPoPP '09},
  year = {2009},
  isbn = {978-1-60558-397-6},
  location = {Raleigh, NC, USA},
  pages = {303--304},
  numpages = {2},
  url = {http://doi.acm.org/10.1145/1504176.1504226},
  doi = {10.1145/1504176.1504226},
  acmid = {1504226},
  publisher = {ACM},
  address = {New York, NY, USA},
  keywords = {concurrency, partitioned global address space,
    refactoring, x10},
} 

@inproceedings{Muller:2012:TPS:2384616.2384621,
  author = {Muller, Stefan and Chong, Stephen},
  title = {Towards a practical secure concurrent language},
  booktitle = {Proceedings of the ACM international conference on Object
    oriented programming systems languages and applications},
  series = {OOPSLA '12},
  year = {2012},
  isbn = {978-1-4503-1561-6},
  location = {Tucson, Arizona, USA},
  pages = {57--74},
  numpages = {18},
  url = {http://doi.acm.org/10.1145/2384616.2384621},
  doi = {10.1145/2384616.2384621},
  acmid = {2384621},
  publisher = {ACM},
  address = {New York, NY, USA},
  keywords = {X10, information-flow control, language-based
    security},
} 

@inproceedings{Chapman:2010:IOS:2020373.2020375,
  author = {Chapman, Barbara and Curtis, Tony and Pophale, Swaroop and Poole,
    Stephen and Kuehn, Jeff and Koelbel, Chuck and Smith, Lauren},
  title = {Introducing {OpenSHMEM}: {SHMEM} for the {PGAS} community},
  booktitle = {Proceedings of the Fourth Conference on Partitioned Global
    Address Space Programming Model},
  series = {PGAS '10},
  year = {2010},
  isbn = {978-1-4503-0461-0},
  location = {New York, New York},
  pages = {2:1--2:3},
  articleno = {2},
  numpages = {3},
  url = {http://doi.acm.org/10.1145/2020373.2020375},
  doi = {10.1145/2020373.2020375},
  acmid = {2020375},
  publisher = {ACM},
  address = {New York, NY, USA},
  keywords = {ACM proceedings, OpenSHMEM, PGAS, SHMEM},
} 

@inproceedings{Masticola:1993,
  author = {Masticola, Stephen P. and Ryder, Barbara G.},
  title = {Non-concurrency analysis},
  booktitle = {Proceedings of the fourth ACM SIGPLAN symposium on
    Principles and practice of parallel programming},
  series = {PPOPP '93},
  year = {1993},
  isbn = {0-89791-589-5},
  location = {San Diego, California, USA},
  pages = {129--138},
  numpages = {10},
  url = {http://doi.acm.org/10.1145/155332.155346},
  doi = {10.1145/155332.155346},
  acmid = {155346},
  publisher = {ACM},
  address = {New York, NY, USA},
} 

@article{ICPP:2006,
  author = {Michelle Mills Strout and Barbara Kreaseck and Paul D. Hovland},
  title = {Data-Flow Analysis for MPI Programs},
  journal ={2012 41st International Conference on Parallel Processing},
  volume = {0},
  issn = {0190-3918},
  year = {2006},
  pages = {175-184},
  doi = {http://doi.ieeecomputersociety.org/10.1109/ICPP.2006.32},
  publisher = {IEEE Computer Society},
  address = {Los Alamitos, CA, USA},
}

@inproceedings{Weiser:1981,
  author = {Weiser, Mark},
  title = {Program slicing},
  booktitle = {Proceedings of the 5th international conference on Software
    engineering},
  series = {ICSE '81},
  year = {1981},
  isbn = {0-89791-146-6},
  location = {San Diego, California, USA},
  pages = {439--449},
  numpages = {11},
  url = {http://dl.acm.org/citation.cfm?id=800078.802557},
  acmid = {802557},
  publisher = {IEEE Press},
  address = {Piscataway, NJ, USA},
  keywords = {Data flow analysis, Debugging, Human factors,
    Program maintenance, Program metrics, Software tools},
} 

@inproceedings{Horwitz:1988,
  author = {Horwitz, S. and Reps, T. and Binkley, D.},
  title = {Interprocedural slicing using dependence graphs},
  booktitle = {Proceedings of the ACM SIGPLAN 1988 conference on
    Programming Language design and Implementation},
  series = {PLDI '88},
  year = {1988},
  isbn = {0-89791-269-1},
  location = {Atlanta, Georgia, USA},
  pages = {35--46},
  numpages = {12},
  url = {http://doi.acm.org/10.1145/53990.53994},
  doi = {10.1145/53990.53994},
  acmid = {53994},
  publisher = {ACM},
  address = {New York, NY, USA},
} 

@article{kleene56, 
  Author = {Kleene, S. C.},
  Title = {Representation of Events in Nerve Nets and Finite Automata},
  Journal = {Automata Studies},
  Year = {1956}
} 

@article{Graham:1976,
 author = {Graham, Susan L. and Wegman, Mark},
 title = {A Fast and Usually Linear Algorithm for Global Flow Analysis},
 journal = {J. ACM},
 issue_date = {Jan. 1976},
 volume = {23},
 number = {1},
 month = jan,
 year = {1976},
 issn = {0004-5411},
 pages = {172--202},
 numpages = {31},
 url = {http://doi.acm.org/10.1145/321921.321939},
 doi = {10.1145/321921.321939},
 acmid = {321939},
 publisher = {ACM},
 address = {New York, NY, USA},
} 

@inproceedings{Ullman:1972,
 author = {Ullman, J. D.},
 title = {A fast algorithm for the elimination of common subexpressions},
 booktitle = {Proceedings of the 13th Annual Symposium on Switching and Automata Theory (swat 1972)},
 series = {SWAT '72},
 year = {1972},
 pages = {161--176},
 numpages = {16},
 url = {http://dx.doi.org/10.1109/SWAT.1972.1},
 doi = {10.1109/SWAT.1972.1},
 acmid = {1438643},
 publisher = {IEEE Computer Society},
 address = {Washington, DC, USA},
} 
@article{Tarjan:1981,
 author = {Tarjan, Robert Endre},
 title = {Fast Algorithms for Solving Path Problems},
 journal = {J. ACM},
 issue_date = {July 1981},
 volume = {28},
 number = {3},
 month = jul,
 year = {1981},
 issn = {0004-5411},
 pages = {594--614},
 numpages = {21},
 url = {http://doi.acm.org/10.1145/322261.322273},
 doi = {10.1145/322261.322273},
 acmid = {322273},
 publisher = {ACM},
 address = {New York, NY, USA},
} 

@ARTICLE{1000341, 
author={Garofalakis, Minos and Rastogi, R. and Kyuseok Shim}, 
journal={Knowledge and Data Engineering, IEEE Transactions on}, 
title={Mining sequential patterns with regular expression constraints}, 
year={2002}, 
volume={14}, 
number={3}, 
pages={530-552}, 
doi={10.1109/TKDE.2002.1000341}, 
ISSN={1041-4347},}

@MISC{Chakrabarti,
    author = {Gautam Chakrabarti and Fred Chow and Pathscale Llc},
    title = {Structure Layout Optimizations in the Open64 Compiler: Design, Implementation and Measurements},
    year = {2008}
}
